@ARTICLE{article_1, 
author={Autor, U. and Kolejny, W.}, 
journal={Nazwa czasopisma}, 
title={Tytu³ publikacji}, 
year={2012}, 
month={May}, 
volume={12}, 
number={2}, 
pages={132-145},}

@INPROCEEDINGS{inproceedings_1, 
author={Inny, B.}, 
booktitle={Tytu³ ksi¹¿ki}, 
title={Tytu³ publikacji}, 
year={2011}, 
month={Feb}, 
pages={5-32},}

@BOOK{book_1,
author = {Test, Z. and Nastêpny, K.},
title = "{Tytu³ ksi¹¿ki}",
publisher = {Wydawca},
address = {Adres},
year  = {1995}
}

@MISC{misc_1,
title = {Nazwa strony internetowej},
author = {Autor, J.},
howpublished = "\url{http://www.dlugi.adres.url.zlamie.sie.gdzies.w.srodku.com}",
year = {stan z 01.01.2010 r.},
}

@MISC{magicavoxel_page,
title = "{MagicaVoxel}",
author = {@ephtracy},
howpublished = "\url{https://ephtracy.github.io}",
year = {stan z 04.02.2021 r.},
}

@MISC{mega_voxels_play_page,
title = "{Mega Voxels Play}",
author = {Go Real Games, LLC},
howpublished = "\url{https://www.megavoxels.com}",
year = {stan z 04.02.2021 r.},
}

@MISC{qubicle_page,
title = "{Qubicle}",
author = {Minddesk Software GmbH},
howpublished = "\url{https://www.minddesk.com}",
year = {stan z 04.02.2021 r.},
}

@MISC{goxel_page,
title = "{Goxel}",
author = {@guillaumechereau},
howpublished = "\url{https://goxel.xyz}",
year = {stan z 04.02.2021 r.},
}

@MISC{voxedit_beta_page,
title = "{VoxEdit Beta}",
author = {Pixowl},
howpublished = "\url{https://www.voxedit.io}",
year = {stan z 04.02.2021 r.},
}